%nombre del archivo: bibliografía.bib

@book{Beiser2003,
	author    = {Arthur Beiser},
	title     = {Concepts of Modern Physics},
	edition   = {6th},
	year      = {2003},
	publisher = {McGraw-Hill Higher Education},
	address   = {New York},
	isbn      = {0-07-244848-2},
	note      = {International Edition ISBN: 0-07-115096-X}
}



@article{perez2006,
  author      = {José Fernando Pérez Mogollón},
  title       = {Una visión histórica de la óptica (segunda entrega)},
  year        = {2006},
  journal     = {Revista ciencia y tecnología para la salud visual y ocular},
  publisher   = {Universidad de la Salle, Colombia},
  url         = {https://www.redalyc.org/pdf/950/95000713.pdf}
}

@book{malacara2015optica,
	title={Óptica Básica},
	author={Malacara, Daniel},
	year={2015},
	edition={3rd},
	publisher={Fondo de Cultura Económica},
	address={México},
	isbn={978-607-16-3215-9}
}



@misc{example,
howpublished = {\url{}},
author = {Emmett Brown},
title = {The creation of the flux capacitor},
day={5},
month = {November},
year = {1955},
}

@book{EjemploLibro,
    author = {Apellido del Autor, Nombre del Autor},
    title = {Título del Libro},
    year = {Año de Publicación},
    publisher = {Editorial},
}




@book{Resnickvol2,
	author    = {David Halliday, Robert Resnick, Jearl Walker},
	publisher = {Grupo Editorial Patria},
	title     = {Fundamentos de Física},
	year      = {2013},
	edition   = {8},
	isbn      = {970-24-0121-6},
	volume    = {2},
	comment   = {Título original de la obra:
	
	Fundamentals of physics/ David Halliday, Robert Resnick, Jearl Walker, 8^{th} ed.
	
	ISBN: 978-0-470-04474-2
	
	Copyright © 2008 John Wiley & Sons, Inc. All rights reserved.
	Traducción autorizada de la 8^{a} edición en inglés publicada por John Wiley & Sons, Inc.
	
	Dirección editorial: Javier Enrique Callejas
	Coordinadora editorial: Estela Delfín Ramírez
	Diseño de interiores: Seditograf
	Diseño de portada: Pro_g_studio
	
	Traducción: Jorge Humberto Romo
	
	Revisión técnica:
	Ing. Miguel Ángel Herrera Domínguez
	Jefe de área de ingeniería mecánica 
	Escuela de Ingeniería
	Universidad La Salle
	
	Celia Ivonne Saucedo Hernández 
	Lic. en Física y Matemáticas
	Instituto Politécnico Nacional},
	printed   = {México},
	language = {spanish},
}

@book{Resnickvol1,
	author    = {David Halliday, Robert Resnick, Jearl Walker},
	publisher = {Grupo Editorial Patria},
	title     = {Fundamentos de Física},
	year      = {2009},
	edition   = {8},
	isbn      = {970-24-0121-6},
	volume    = {1},
	comment   = {Título original de la obra:
	
	Fundamentals of physics/ David Halliday, Robert Resnick, Jearl Walker, 8^{th} ed.
	
	ISBN: 978-0-470-04474-2
	
	Copyright © 2008 John Wiley & Sons, Inc. All rights reserved.
	Traducción autorizada de la 8^{a} edición en inglés publicada por John Wiley & Sons, Inc.
	
	Dirección editorial: Javier Enrique Callejas
	Coordinadora editorial: Estela Delfín Ramírez
	Diseño de interiores: Seditograf
	Diseño de portada: Pro_g_studio
	
	Traducción: Jorge Humberto Romo
	
	Revisión técnica:
	Ing. Miguel Ángel Herrera Domínguez
	Jefe de área de ingeniería mecánica 
	Escuela de Ingeniería
	Universidad La Salle
	
	Celia Ivonne Saucedo Hernández 
	Lic. en Física y Matemáticas
	Instituto Politécnico Nacional},
	printed   = {México},
	language = {spanish},
}


@book{griffiths2017introduction,
	title = {Introduction to Electrodynamics},
	author = {David J. Griffiths},
	year = {2017},
	url = {https://doi.org/10.1017/9781108333511}
}

@Book{lopez,
	author    = {Victoriano López Rodríguez},
	publisher = {Universidad Nacional de Educación a Distancia},
	title     = {Electromagnetismo I},
	year      = {2013},
	isbn      = {978-84-362-6526-2},
	month     = {Enero},
	volume    = {1},
	comment   = {Quedan rigurosamente prohibidas, sin la
	autorización escrita de los titulares del
	Copyright, bajo las sanciones establecidas
	en las leyes, la reproducción total o
	parcial de esta obra por cualquier medio
	o procedimiento, comprendidos la reprografía
	y el tratamiento informático, y la distribución
	de ejemplares de ella mediante alquiler
	o préstamos públicos.
	
	Se trata de un libro donde se aborda el estudio del campo electromagnético desde un punto de vista clásico y con un nivel adecuado al primer ciclo, tanto de la licenciatura en Ciencias Físicas como de los primeros cursos de Ingeniería Industrial, Telecomunicación, etc. Consta de doce capítulos y unos apéndices en los que figura un resumen de fórmulas matemáticas y tablas sobre constantes físicas, unidades y valores de la permitividad, resistividad etc.},
	printed   = {Madrid},
	url       = {https://portal.uned.es/portal/page?_pageid=93,23377989&_dad=portal&_schema=PORTAL&IdArticulo=6104203GR01A01},
}


@article{franklin1997,
  title   = {Millikan’s Oil-Drop Experiments},
  author  = {Franklin, Allan},
  journal = {Chemical Educator},
  volume  = {2},
  pages   = {4 - 6},
  year    = {1997},
}

@article{millikan1913,
  title   = {On the Elementary Electrical Charge and the Avogadro Constant},
  author  = {Millikan, R. A.},
  journal = {Physical Review},
  volume  = {2},
  year    = {1913},
  pages   = {109}
}

@article{pearson2005,
author  = {Pearson, Earl F.},
title   = {Revisiting Millikan's Oil-Drop Experiment},
journal = {Journal of Chemical Education},
volume  = {82},
number  = {6},
pages   = {851},
year    = {2005},
doi     = {10.1021/ed082p851},

URL     = {https://doi.org/10.1021/ed082p851},
eprint  = {https://doi.org/10.1021/ed082p851}
}

@article{Pasco,
author  = {Sunny Bishop},
title   = {Millikan Oil Drop Apparatus Instruction Manual and Experiment Guide},
journal = {PASCO},
year    = {2012},
pages   = {5 - 6}
}

@article{apl_cap,
	author  = {W.C. Heerens},
	title   = {Application of capacitance, techniques in sensor design},
	journal = {J. Phys. E: Sci. Instrum},
	year = {1987},
}

@article{Cal_cap,
	author  = {W.K. Clothier},
	title   = {A calculable Standard of capacitance},
	journal = {Metrologia},
	year = {1964},
}

@article{Resnick,
	author = {D. Halliday, R. Resnick, & K. S. Krane}, 
	title = {PHYSICS, Vol. 2. Extended version, 4th ed.},
	journal = {John Wiley and Sons, Inc.},
	year = {1992}
}


